<record><leader>00000cas a22000007a 4500</leader><controlfield tag="001">37463210</controlfield><controlfield tag="008">970813d18811882tnuwr ne      0   a0eng d</controlfield><datafield ind1=" " ind2=" " tag="010"><subfield code="a">sn 97065158 </subfield></datafield><datafield ind1=" " ind2=" " tag="040"><subfield code="a">TGN</subfield><subfield code="b">eng</subfield><subfield code="c">TGN</subfield><subfield code="d">UKMGB</subfield><subfield code="d">OCLCQ</subfield><subfield code="d">OCLCF</subfield><subfield code="d">DLC</subfield></datafield><datafield ind1="7" ind2=" " tag="016"><subfield code="a">013933796</subfield><subfield code="2">Uk</subfield></datafield><datafield ind1="0" ind2=" " tag="022"><subfield code="a">2376-645X</subfield><subfield code="2">1</subfield></datafield><datafield ind1=" " ind2=" " tag="042"><subfield code="a">msc</subfield><subfield code="a">nsdp</subfield></datafield><datafield ind1=" " ind2=" " tag="043"><subfield code="a">n-us-tn</subfield></datafield><datafield ind1="0" ind2="0" tag="050"><subfield code="a">Newspaper</subfield></datafield><datafield ind1="0" ind2="0" tag="082"><subfield code="a">071</subfield><subfield code="2">23</subfield></datafield><datafield ind1="0" ind2=" " tag="130"><subfield code="a">Rugbeian (Rugby, Tenn. : 1881)</subfield></datafield><datafield ind1=" " ind2="4" tag="222"><subfield code="a">The Rugbeian</subfield><subfield code="b">(Rugby, Tenn. 1881. Print)</subfield></datafield><datafield ind1="1" ind2="4" tag="245"><subfield code="a">The Rugbeian.</subfield></datafield><datafield ind1=" " ind2=" " tag="260"><subfield code="a">Rugby, Morgan Co., Tenn. :</subfield><subfield code="b">[s.n.],</subfield><subfield code="c">1881-1882.</subfield></datafield><datafield ind1=" " ind2=" " tag="300"><subfield code="a">v.</subfield></datafield><datafield ind1=" " ind2=" " tag="310"><subfield code="a">Weekly,</subfield><subfield code="b">July 2, 1881-Sept. 30, 1882</subfield></datafield><datafield ind1=" " ind2=" " tag="321"><subfield code="a">Monthly,</subfield><subfield code="b">Jan.-June 1881</subfield></datafield><datafield ind1="0" ind2=" " tag="362"><subfield code="a">Vol. 1, no. 1 (Jan. 1881)-v. 2, no. 54 (Sept. 30, 1882).</subfield></datafield><datafield ind1=" " ind2=" " tag="500"><subfield code="a">Publisher: Thomas Fardon, Dec. 31, 1881-Sept. 30, 1882.</subfield></datafield><datafield ind1=" " ind2=" " tag="515"><subfield code="a">July 2-Dec. 17, 1881 issues lack volume numbers but constitute v. 1.</subfield></datafield><datafield ind1=" " ind2=" " tag="530"><subfield code="a">Archived issues are available in digital format from the Library of Congress Chronicling America online collection.</subfield></datafield><datafield ind1=" " ind2="0" tag="651"><subfield code="a">Rugby (Tenn.)</subfield><subfield code="v">Newspapers.</subfield></datafield><datafield ind1=" " ind2="0" tag="651"><subfield code="a">Morgan County (Tenn.)</subfield><subfield code="v">Newspapers.</subfield></datafield><datafield ind1=" " ind2="7" tag="651"><subfield code="a">Tennessee</subfield><subfield code="z">Morgan County.</subfield><subfield code="2">fast</subfield><subfield code="0">(OCoLC)fst01228424</subfield></datafield><datafield ind1=" " ind2="7" tag="651"><subfield code="a">Tennessee</subfield><subfield code="z">Rugby.</subfield><subfield code="2">fast</subfield><subfield code="0">(OCoLC)fst01307447</subfield></datafield><datafield ind1=" " ind2="7" tag="655"><subfield code="a">Newspapers.</subfield><subfield code="2">fast</subfield><subfield code="0">(OCoLC)fst01423814</subfield></datafield><datafield ind1=" " ind2=" " tag="752"><subfield code="a">United States</subfield><subfield code="b">Tennessee</subfield><subfield code="c">Morgan</subfield><subfield code="d">Rugby.</subfield></datafield><datafield ind1="0" ind2="8" tag="776"><subfield code="i">Online version:</subfield><subfield code="t">Rugbeian (Rugby, Tenn. : 1881)</subfield><subfield code="x">2376-6468</subfield><subfield code="w">(DLC)  2014218846</subfield><subfield code="w">(OCoLC)895039761</subfield></datafield><datafield ind1="0" ind2="0" tag="785"><subfield code="t">Rugbeian and district reporter</subfield><subfield code="x">2376-6433</subfield><subfield code="w">(DLC)sn 96086912</subfield><subfield code="w">(OCoLC)36124071</subfield></datafield><datafield ind1="4" ind2="1" tag="856"><subfield code="u">http://www.loc.gov/chroniclingamerica/lccn/sn97065158/issues</subfield></datafield><datafield ind1="1" ind2=" " tag="029"><subfield code="a">AU@</subfield><subfield code="b">000013434858</subfield></datafield></record>